@article{iot,
title = {The Internet of Things: A survey},
journal = {Computer Networks},
volume = {54},
number = {15},
pages = {2787-2805},
year = {2010},
issn = {1389-1286},
doi = {https://doi.org/10.1016/j.comnet.2010.05.010},
url = {https://www.sciencedirect.com/science/article/pii/S1389128610001568},
author = {Luigi Atzori and Antonio Iera and Giacomo Morabito}
}

@ARTICLE{Distributed_Offloading_in_Overlapping_Areas,
  author={Huang, Jiwei and Wang, Ming and Wu, Yuan and Chen, Ying and Shen, Xuemin},
  journal={IEEE Internet of Things Journal}, 
  title={Distributed Offloading in Overlapping Areas of Mobile-Edge Computing for Internet of Things}, 
  year={2022},
  volume={9},
  number={15},
  pages={13837-13847},
  doi={10.1109/JIOT.2022.3143539}}


  @article{Internet_of_Things_offloading_Ongoing_issues,
author = {Heidari, Arash and Jabraeil Jamali, Mohammad Ali and Jafari Navimipour, Nima and Akbarpour, Shahin},
title = {Internet of Things offloading: Ongoing issues, opportunities, and future challenges},
journal = {International Journal of Communication Systems},
volume = {33},
number = {14},
pages = {e4474},
doi = {https://doi.org/10.1002/dac.4474},
eprint = {https://onlinelibrary.wiley.com/doi/pdf/10.1002/dac.4474},
note = {e4474 IJCS-19-0207.R3},
year = {2020}
}

@ARTICLE{A_Cooperative_Partial_Computation_Offloading_Scheme_for_Mobile_Edge,
  author={Ning, Zhaolong and Dong, Peiran and Kong, Xiangjie and Xia, Feng},
  journal={IEEE Internet of Things Journal}, 
  title={A Cooperative Partial Computation Offloading Scheme for Mobile Edge Computing Enabled Internet of Things}, 
  year={2019},
  volume={6},
  number={3},
  pages={4804-4814},
  doi={10.1109/JIOT.2018.2868616}}

@article{cloud_advatange_and_problem,
title = {Integration of Cloud computing and Internet of Things: A survey},
journal = {Future Generation Computer Systems},
volume = {56},
pages = {684-700},
year = {2016},
issn = {0167-739X},
doi = {https://doi.org/10.1016/j.future.2015.09.021},
author = {Alessio Botta and Walter {de Donato} and Valerio Persico and Antonio Pescapé},
}

@article{cloud_advatange,
title = {State-of-the-art, challenges, and open issues in the integration of Internet of things and cloud computing},
journal = {Journal of Network and Computer Applications},
volume = {67},
pages = {99-117},
year = {2016},
issn = {1084-8045},
doi = {https://doi.org/10.1016/j.jnca.2016.01.010},
author = {Manuel Díaz and Cristian Martín and Bartolomé Rubio},
}

@ARTICLE{cloud_central,
  author={Asim, Muhammad and Wang, Yong and Wang, Kezhi and Huang, Pei-Qiu},
  journal={IEEE Transactions on Emerging Topics in Computational Intelligence}, 
  title={A Review on Computational Intelligence Techniques in Cloud and Edge Computing}, 
  year={2020},
  volume={4},
  number={6},
  pages={742-763},
  doi={10.1109/TETCI.2020.3007905}}


@article{EC_definition,
  title={Mobile-edge computing introductory technical white paper},
  author={Patel, Milan and Naughton, Brian and Chan, Caroline and Sprecher, Nurit and Abeta, Sadayuki and Neal, Adrian and others},
  journal={White paper, mobile-edge computing (MEC) industry initiative},
  volume={29},
  pages={854--864},
  year={2014}
}

@ARTICLE{edge_advantage_archetecture,
  author={Cao, Keyan and Liu, Yefan and Meng, Gongjie and Sun, Qimeng},
  journal={IEEE Access}, 
  title={An Overview on Edge Computing Research}, 
  year={2020},
  volume={8},
  number={},
  pages={85714-85728},
  doi={10.1109/ACCESS.2020.2991734}}

@INPROCEEDINGS{full_partial,
  author={Ren, Chunli and Zhang, Guoan and Gu, Xiaohui and Li, Yue},
  booktitle={2022 IEEE 6th Information Technology and Mechatronics Engineering Conference (ITOEC)}, 
  title={Computing Offloading in Vehicular Edge Computing Networks: Full or Partial Offloading?}, 
  year={2022},
  volume={6},
  number={},
  pages={693-698},
  doi={10.1109/ITOEC53115.2022.9734360}}

@ARTICLE{user_central,
  author={Deng, Xiaoheng and Sun, Zihui and Li, Deng and Luo, Jie and Wan, Shaohua},
  journal={IEEE Internet of Things Journal}, 
  title={User-Centric Computation Offloading for Edge Computing}, 
  year={2021},
  volume={8},
  number={16},
  pages={12559-12568},
  doi={10.1109/JIOT.2021.3057694}}

@ARTICLE{save_energy,
  author={Jiang, Congfeng and Cheng, Xiaolan and Gao, Honghao and Zhou, Xin and Wan, Jian},
  journal={IEEE Access}, 
  title={Toward Computation Offloading in Edge Computing: A Survey}, 
  year={2019},
  volume={7},
  number={},
  pages={131543-131558},
  doi={10.1109/ACCESS.2019.2938660}}




@ARTICLE{aim_offloading,
  author={Yu, Wei and Liang, Fan and He, Xiaofei and Hatcher, William Grant and Lu, Chao and Lin, Jie and Yang, Xinyu},
  journal={IEEE Access}, 
  title={A Survey on the Edge Computing for the Internet of Things}, 
  year={2018},
  volume={6},
  number={},
  pages={6900-6919},
  doi={10.1109/ACCESS.2017.2778504}}


@Article{why_cloud,
AUTHOR = {Hamdan, Salam and Ayyash, Moussa and Almajali, Sufyan},
TITLE = {Edge-Computing Architectures for Internet of Things Applications: A Survey},
JOURNAL = {Sensors},
VOLUME = {20},
YEAR = {2020},
NUMBER = {22},
ARTICLE-NUMBER = {6441},
PubMedID = {33187267},
ISSN = {1424-8220},
DOI = {10.3390/s20226441}
}


@ARTICLE{no_cloud_1_density,
  author={Zhang, Cheng and Zhao, Hailiang and Deng, Shuiguang},
  journal={IEEE Access}, 
  title={A Density-Based Offloading Strategy for IoT Devices in Edge Computing Systems}, 
  year={2018},
  volume={6},
  number={},
  pages={73520-73530},
  doi={10.1109/ACCESS.2018.2882452}}


@article{cloud_2_edgeconnectedtocloud,
author = {Chen, Ying and Gu, Wei and Li, Kaixin},
title = {Dynamic task offloading for Internet of Things in mobile edge computing via deep reinforcement learning},
journal = {International Journal of Communication Systems},
volume = {n/a},
number = {n/a},
pages = {e5154},

doi = {https://doi.org/10.1002/dac.5154},
}


@article{cloud_3_edgemanager,
  title = {Research on New Edge Computing Network Architecture and Task Offloading Strategy for {{Internet}} of {{Things}}},
  author = {Jiang, Congshi and Li, Yihong and Su, Junlong and Chen, Quan},
  year = {2021},
  journal = {Wireless Networks},
  doi = {10.1007/s11276-020-02516-8},
  annotation = {7 citations (Crossref) [2023-12-05]}
}


@ARTICLE{full_offload_2,
  author={Chen, Ying and Zhang, Ning and Zhang, Yongchao and Chen, Xin and Wu, Wen and Shen, Xuemin},
  journal={IEEE Transactions on Cloud Computing}, 
  title={Energy Efficient Dynamic Offloading in Mobile Edge Computing for Internet of Things}, 
  year={2021},
  volume={9},
  number={3},
  pages={1050-1060},
  doi={10.1109/TCC.2019.2898657}}


@article{granuity_2,
title = {Smart computational offloading for mobile edge computing in next-generation Internet of Things networks},
journal = {Computer Networks},
volume = {198},
pages = {108356},
year = {2021},
issn = {1389-1286},
doi = {https://doi.org/10.1016/j.comnet.2021.108356},
url = {https://www.sciencedirect.com/science/article/pii/S1389128621003467},
author = {Zaiwar Ali and Ziaul Haq Abbas and Ghulam Abbas and Abdullah Numani and Muhammad Bilal},
}